% This file was created with JabRef 2.9.2.
% Encoding: Cp1250
@misc{jwalker,
   author = {Walker, James},
   title = {Redirected Walking in Virtual Environments}
}

@inproceedings{steinicke1,
	author = {Steinicke, Frank and Bruder, Gerd and Jerald, Jason and Frenz, Harald and Lappe, Markus},
	title = {Analyses of Human Sensitivity to Redirected Walking},
	booktitle = {Proceedings of the 2008 ACM Symposium on Virtual Reality Software and Technology},
	series = {VRST '08},
	year = {2008},
	isbn = {978-1-59593-951-7},
	location = {Bordeaux, France},
	pages = {149--156},
	numpages = {8},
	url = {http://doi.acm.org/10.1145/1450579.1450611},
	doi = {10.1145/1450579.1450611},
	acmid = {1450611},
	publisher = {ACM},
	address = {New York, NY, USA},
} 


@ARTICLE{steinicke2, 
	author={Steinicke, F. and Bruder, G. and Jerald, J. and Frenz, H. and Lappe, M.}, 
	journal={Visualization and Computer Graphics, IEEE Transactions on}, 
	title={Estimation of Detection Thresholds for Redirected Walking Techniques}, 
	year={2010}, 
	month={Jan}, 
	volume={16}, 
	number={1}, 
	pages={17-27}, 
	keywords={gesture recognition;motion estimation;virtual reality;detection thresholds estimation;immersive virtual environments;redirected walking techniques;two-alternative forced choice task;virtual camera;Virtual reality;redirected walking.;virtual locomotion;Adult;Computer Graphics;Computer Simulation;Female;Gait;Humans;Imaging, Three-Dimensional;Middle Aged;Models, Theoretical;Orientation;Psychomotor Performance;Sensory Thresholds;User-Computer Interface;Walking;Young Adult}, 
	doi={10.1109/TVCG.2009.62}, 
	ISSN={1077-2626},
}

@INPROCEEDINGS{neth, 
	author={Neth, C.T. and Souman, J.L. and Engel, D. and Kloos, U. and Bulthoff, H.H. and Mohler, B.J.}, 
	booktitle={Virtual Reality Conference (VR), 2011 IEEE}, 
	title={Velocity-dependent dynamic curvature gain for redirected walking}, 
	year={2011}, 
	month={March}, 
	pages={151-158}, 
	keywords={avatars;helmet mounted displays;avatar controller;dynamic gain controller;head mounted display;mean walked distance;redirected walking;velocity dependent dynamic curvature gain;virtual city model;virtual environment;virtual space;Atmospheric measurements;Avatars;Cybernetics;Legged locomotion;Particle measurements;Sensitivity;Virtual environment}, 
	doi={10.1109/VR.2011.5759454}, 
	ISSN={1087-8270},}

@inproceedings{razzaque,
	author = {Razzaque, Sharif and Kohn, Zachariah and Whitton, Mary C.},
	title = {Redirected Walking},
	booktitle = {EUROGRAPHICS},
	year = {2001},
	pages = {289-294}
}

@inproceedings{usoh,
	author = {Usoh, Martin and Arthur, Kevin and Whitton, Mary C. and Bastos, Rui and Steed, Anthony and Slater, Mel and Brooks,Jr., Frederick P.},
	title = {Walking $>$ Walking-in-place $>$ Flying, in Virtual Environments},
	booktitle = {Proceedings of the 26th Annual Conference on Computer Graphics and Interactive Techniques},
	series = {SIGGRAPH '99},
	year = {1999},
	isbn = {0-201-48560-5},
	pages = {359--364},
	numpages = {6},
	url = {http://dx.doi.org/10.1145/311535.311589},
	doi = {10.1145/311535.311589},
	acmid = {311589},
	publisher = {ACM Press/Addison-Wesley Publishing Co.},
	address = {New York, NY, USA},
	keywords = {human factors, locomotion, neural networks, presence, virtual reality, virtual walking, visual cliff},
} 

@online{oculus,
	author = {Oculus VR},
	title = {DK2 Specifications},
	year = {2014},
	url = {http://www.oculus.com/dk2/}
}

@inproceedings{meehan,
	author = {Meehan, Michael and Razzaque, Sharif and Whitton, Mary C. and Brooks,Jr., Frederick P.},
	title = {Effect of Latency on Presence in Stressful Virtual Environments},
	booktitle = {Proceedings of the IEEE Virtual Reality 2003},
	series = {VR '03},
	year = {2003},
	isbn = {0-7695-1882-6},
	pages = {141--},
	url = {http://dl.acm.org/citation.cfm?id=832289.835964},
	acmid = {835964},
	publisher = {IEEE Computer Society},
	address = {Washington, DC, USA},
	keywords = {virtual environments, latency, frame rate,presence, simulator sickness, physiological measures.},
} 

